/home/liucheng/gitrepo/literature-review/report/refs.bib